{
    "symbol": "ZM",
    "annualReports": [
        {
            "fiscalDateEnding": "2024-01-31",
            "reportedCurrency": "USD",
            "grossProfit": "3449423000",
            "totalRevenue": "4527224000",
            "costOfRevenue": "3481959000",
            "costofGoodsAndServicesSold": "1077801000",
            "operatingIncome": "525279000",
            "sellingGeneralAndAdministrative": "2120957000",
            "researchAndDevelopment": "803187000",
            "operatingExpenses": "2924144000",
            "investmentIncomeNet": "None",
            "netInterestIncome": "None",
            "interestIncome": "None",
            "interestExpense": "None",
            "nonInterestIncome": "4527224000",
            "otherNonOperatingIncome": "None",
            "depreciation": "91900000",
            "depreciationAndAmortization": "283201000",
            "incomeBeforeTax": "832312000",
            "incomeTaxExpense": "194850000",
            "interestAndDebtExpense": "None",
            "netIncomeFromContinuingOperations": "637462000",
            "comprehensiveIncomeNetOfTax": "688910000",
            "ebit": "525279000",
            "ebitda": "808480000",
            "netIncome": "637462000"
        },
        {
            "fiscalDateEnding": "2023-01-31",
            "reportedCurrency": "USD",
            "grossProfit": "3292509000",
            "totalRevenue": "4392960000",
            "costOfRevenue": "3638140000",
            "costofGoodsAndServicesSold": "1100451000",
            "operatingIncome": "245429000",
            "sellingGeneralAndAdministrative": "2273021000",
            "researchAndDevelopment": "774059000",
            "operatingExpenses": "3047080000",
            "investmentIncomeNet": "None",
            "netInterestIncome": "None",
            "interestIncome": "37571000",
            "interestExpense": "33724000",
            "nonInterestIncome": "4392960000",
            "otherNonOperatingIncome": "-37571000",
            "depreciation": "77000000",
            "depreciationAndAmortization": "264668000",
            "incomeBeforeTax": "249276000",
            "incomeTaxExpense": "145565000",
            "interestAndDebtExpense": "None",
            "netIncomeFromContinuingOperations": "103711000",
            "comprehensiveIncomeNetOfTax": "71228000",
            "ebit": "245429000",
            "ebitda": "510097000",
            "netIncome": "103711000"
        },
        {
            "fiscalDateEnding": "2022-01-31",
            "reportedCurrency": "USD",
            "grossProfit": "3045310000",
            "totalRevenue": "4099864000",
            "costOfRevenue": "2673283000",
            "costofGoodsAndServicesSold": "1054554000",
            "operatingIncome": "1063591000",
            "sellingGeneralAndAdministrative": "1618729000",
            "researchAndDevelopment": "362990000",
            "operatingExpenses": "1981719000",
            "investmentIncomeNet": "None",
            "netInterestIncome": "7903000",
            "interestIncome": "24561000",
            "interestExpense": "81802000",
            "nonInterestIncome": "4099864000",
            "otherNonOperatingIncome": "43761000",
            "depreciation": "47500000",
            "depreciationAndAmortization": "178283000",
            "incomeBeforeTax": "1101632000",
            "incomeTaxExpense": "-274007000",
            "interestAndDebtExpense": "None",
            "netIncomeFromContinuingOperations": "1375639000",
            "comprehensiveIncomeNetOfTax": "1356898000",
            "ebit": "1063591000",
            "ebitda": "1241874000",
            "netIncome": "1375639000"
        },
        {
            "fiscalDateEnding": "2021-01-31",
            "reportedCurrency": "USD",
            "grossProfit": "1829379000",
            "totalRevenue": "2651368000",
            "costOfRevenue": "1827440000",
            "costofGoodsAndServicesSold": "821989000",
            "operatingIncome": "659848000",
            "sellingGeneralAndAdministrative": "1005451000",
            "researchAndDevelopment": "164080000",
            "operatingExpenses": "1169531000",
            "investmentIncomeNet": "None",
            "netInterestIncome": "18186000",
            "interestIncome": "18186000",
            "interestExpense": "18186000",
            "nonInterestIncome": "2651368000",
            "otherNonOperatingIncome": "None",
            "depreciation": "28400000",
            "depreciationAndAmortization": "105306000",
            "incomeBeforeTax": "678034000",
            "incomeTaxExpense": "5718000",
            "interestAndDebtExpense": "None",
            "netIncomeFromContinuingOperations": "672316000",
            "comprehensiveIncomeNetOfTax": "672346000",
            "ebit": "659848000",
            "ebitda": "765154000",
            "netIncome": "672316000"
        },
        {
            "fiscalDateEnding": "2020-01-31",
            "reportedCurrency": "USD",
            "grossProfit": "507262000",
            "totalRevenue": "622658000",
            "costOfRevenue": "542883000",
            "costofGoodsAndServicesSold": "115396000",
            "operatingIncome": "12696000",
            "sellingGeneralAndAdministrative": "427487000",
            "researchAndDevelopment": "67079000",
            "operatingExpenses": "494566000",
            "investmentIncomeNet": "None",
            "netInterestIncome": "13666000",
            "interestIncome": "13666000",
            "interestExpense": "13666000",
            "nonInterestIncome": "622658000",
            "otherNonOperatingIncome": "None",
            "depreciation": "16400000",
            "depreciationAndAmortization": "16449000",
            "incomeBeforeTax": "26362000",
            "incomeTaxExpense": "1057000",
            "interestAndDebtExpense": "None",
            "netIncomeFromContinuingOperations": "25305000",
            "comprehensiveIncomeNetOfTax": "26249000",
            "ebit": "12696000",
            "ebitda": "29145000",
            "netIncome": "25305000"
        }
    ],
    "quarterlyReports": [
        {
            "fiscalDateEnding": "2024-10-31",
            "reportedCurrency": "USD",
            "grossProfit": "893660000",
            "totalRevenue": "1177541000",
            "costOfRevenue": "771721000",
            "costofGoodsAndServicesSold": "283881000",
            "operatingIncome": "182840000",
            "sellingGeneralAndAdministrative": "487840000",
            "researchAndDevelopment": "222980000",
            "operatingExpenses": "710820000",
            "investmentIncomeNet": "None",
            "netInterestIncome": "None",
            "interestIncome": "None",
            "interestExpense": "None",
            "nonInterestIncome": "1177541000",
            "otherNonOperatingIncome": "None",
            "depreciation": "28900000",
            "depreciationAndAmortization": "71227000",
            "incomeBeforeTax": "280412000",
            "incomeTaxExpense": "73362000",
            "interestAndDebtExpense": "None",
            "netIncomeFromContinuingOperations": "207050000",
            "comprehensiveIncomeNetOfTax": "211646000",
            "ebit": "182840000",
            "ebitda": "254067000",
            "netIncome": "207050000"
        },
        {
            "fiscalDateEnding": "2024-07-31",
            "reportedCurrency": "USD",
            "grossProfit": "877431000",
            "totalRevenue": "1162520000",
            "costOfRevenue": "753394000",
            "costofGoodsAndServicesSold": "285089000",
            "operatingIncome": "202370000",
            "sellingGeneralAndAdministrative": "468305000",
            "researchAndDevelopment": "206756000",
            "operatingExpenses": "675061000",
            "investmentIncomeNet": "None",
            "netInterestIncome": "None",
            "interestIncome": "None",
            "interestExpense": "None",
            "nonInterestIncome": "1162520000",
            "otherNonOperatingIncome": "None",
            "depreciation": "25700000",
            "depreciationAndAmortization": "71688000",
            "incomeBeforeTax": "292889000",
            "incomeTaxExpense": "73874000",
            "interestAndDebtExpense": "None",
            "netIncomeFromContinuingOperations": "219015000",
            "comprehensiveIncomeNetOfTax": "238696000",
            "ebit": "202370000",
            "ebitda": "274058000",
            "netIncome": "219015000"
        },
        {
            "fiscalDateEnding": "2024-04-30",
            "reportedCurrency": "USD",
            "grossProfit": "867932000",
            "totalRevenue": "1141234000",
            "costOfRevenue": "800779000",
            "costofGoodsAndServicesSold": "273302000",
            "operatingIncome": "203022000",
            "sellingGeneralAndAdministrative": "459352000",
            "researchAndDevelopment": "205558000",
            "operatingExpenses": "664910000",
            "investmentIncomeNet": "None",
            "netInterestIncome": "None",
            "interestIncome": "None",
            "interestExpense": "None",
            "nonInterestIncome": "1141234000",
            "otherNonOperatingIncome": "None",
            "depreciation": "23300000",
            "depreciationAndAmortization": "68125000",
            "incomeBeforeTax": "291964000",
            "incomeTaxExpense": "75656000",
            "interestAndDebtExpense": "None",
            "netIncomeFromContinuingOperations": "216308000",
            "comprehensiveIncomeNetOfTax": "197755000",
            "ebit": "203022000",
            "ebitda": "271147000",
            "netIncome": "216308000"
        },
        {
            "fiscalDateEnding": "2024-01-31",
            "reportedCurrency": "USD",
            "grossProfit": "870150000",
            "totalRevenue": "1146457000",
            "costOfRevenue": "987746000",
            "costofGoodsAndServicesSold": "276307000",
            "operatingIncome": "168530000",
            "sellingGeneralAndAdministrative": "496338000",
            "researchAndDevelopment": "205282000",
            "operatingExpenses": "701620000",
            "investmentIncomeNet": "None",
            "netInterestIncome": "None",
            "interestIncome": "None",
            "interestExpense": "33488000",
            "nonInterestIncome": "1146457000",
            "otherNonOperatingIncome": "None",
            "depreciation": "23800000",
            "depreciationAndAmortization": "215101000",
            "incomeBeforeTax": "352883000",
            "incomeTaxExpense": "54051000",
            "interestAndDebtExpense": "None",
            "netIncomeFromContinuingOperations": "298832000",
            "comprehensiveIncomeNetOfTax": "327004000",
            "ebit": "168530000",
            "ebitda": "383631000",
            "netIncome": "298832000"
        },
        {
            "fiscalDateEnding": "2023-10-31",
            "reportedCurrency": "USD",
            "grossProfit": "865739000",
            "totalRevenue": "1136727000",
            "costOfRevenue": "794006000",
            "costofGoodsAndServicesSold": "270988000",
            "operatingIncome": "169389000",
            "sellingGeneralAndAdministrative": "499518000",
            "researchAndDevelopment": "196832000",
            "operatingExpenses": "696350000",
            "investmentIncomeNet": "None",
            "netInterestIncome": "None",
            "interestIncome": "None",
            "interestExpense": "None",
            "nonInterestIncome": "1136727000",
            "otherNonOperatingIncome": "None",
            "depreciation": "23500000",
            "depreciationAndAmortization": "23500000",
            "incomeBeforeTax": "185826000",
            "incomeTaxExpense": "44614000",
            "interestAndDebtExpense": "None",
            "netIncomeFromContinuingOperations": "141212000",
            "comprehensiveIncomeNetOfTax": "150810000",
            "ebit": "169389000",
            "ebitda": "192889000",
            "netIncome": "141212000"
        },
        {
            "fiscalDateEnding": "2023-07-31",
            "reportedCurrency": "USD",
            "grossProfit": "872117000",
            "totalRevenue": "1138676000",
            "costOfRevenue": "791856000",
            "costofGoodsAndServicesSold": "266559000",
            "operatingIncome": "177618000",
            "sellingGeneralAndAdministrative": "502697000",
            "researchAndDevelopment": "191802000",
            "operatingExpenses": "694499000",
            "investmentIncomeNet": "None",
            "netInterestIncome": "None",
            "interestIncome": "31670000",
            "interestExpense": "41085000",
            "nonInterestIncome": "1138676000",
            "otherNonOperatingIncome": "31670000",
            "depreciation": "22600000",
            "depreciationAndAmortization": "22600000",
            "incomeBeforeTax": "250373000",
            "incomeTaxExpense": "68399000",
            "interestAndDebtExpense": "None",
            "netIncomeFromContinuingOperations": "181974000",
            "comprehensiveIncomeNetOfTax": "180138000",
            "ebit": "177618000",
            "ebitda": "200218000",
            "netIncome": "181974000"
        },
        {
            "fiscalDateEnding": "2023-04-30",
            "reportedCurrency": "USD",
            "grossProfit": "841417000",
            "totalRevenue": "1105364000",
            "costOfRevenue": "908351000",
            "costofGoodsAndServicesSold": "263947000",
            "operatingIncome": "9742000",
            "sellingGeneralAndAdministrative": "622404000",
            "researchAndDevelopment": "209271000",
            "operatingExpenses": "831675000",
            "investmentIncomeNet": "None",
            "netInterestIncome": "None",
            "interestIncome": "2275000",
            "interestExpense": "33488000",
            "nonInterestIncome": "1105364000",
            "otherNonOperatingIncome": "2275000",
            "depreciation": "22000000",
            "depreciationAndAmortization": "22000000",
            "incomeBeforeTax": "43230000",
            "incomeTaxExpense": "27786000",
            "interestAndDebtExpense": "None",
            "netIncomeFromContinuingOperations": "15444000",
            "comprehensiveIncomeNetOfTax": "30958000",
            "ebit": "9742000",
            "ebitda": "31742000",
            "netIncome": "15444000"
        },
        {
            "fiscalDateEnding": "2023-01-31",
            "reportedCurrency": "USD",
            "grossProfit": "823449000",
            "totalRevenue": "1117803000",
            "costOfRevenue": "1196500000",
            "costofGoodsAndServicesSold": "294354000",
            "operatingIncome": "-129887000",
            "sellingGeneralAndAdministrative": "692078000",
            "researchAndDevelopment": "261258000",
            "operatingExpenses": "953336000",
            "investmentIncomeNet": "None",
            "netInterestIncome": "None",
            "interestIncome": "40443000",
            "interestExpense": "130786000",
            "nonInterestIncome": "1117803000",
            "otherNonOperatingIncome": "40443000",
            "depreciation": "None",
            "depreciationAndAmortization": "210068000",
            "incomeBeforeTax": "-39544000",
            "incomeTaxExpense": "64506000",
            "interestAndDebtExpense": "None",
            "netIncomeFromContinuingOperations": "-104050000",
            "comprehensiveIncomeNetOfTax": "-81719000",
            "ebit": "-129887000",
            "ebitda": "80181000",
            "netIncome": "-104050000"
        },
        {
            "fiscalDateEnding": "2022-10-31",
            "reportedCurrency": "USD",
            "grossProfit": "831234000",
            "totalRevenue": "1101899000",
            "costOfRevenue": "859345000",
            "costofGoodsAndServicesSold": "270665000",
            "operatingIncome": "66508000",
            "sellingGeneralAndAdministrative": "568780000",
            "researchAndDevelopment": "195946000",
            "operatingExpenses": "764726000",
            "investmentIncomeNet": "None",
            "netInterestIncome": "None",
            "interestIncome": "6898000",
            "interestExpense": "18657000",
            "nonInterestIncome": "1101899000",
            "otherNonOperatingIncome": "-6898000",
            "depreciation": "None",
            "depreciationAndAmortization": "19900000",
            "incomeBeforeTax": "54749000",
            "incomeTaxExpense": "6396000",
            "interestAndDebtExpense": "None",
            "netIncomeFromContinuingOperations": "48353000",
            "comprehensiveIncomeNetOfTax": "23798000",
            "ebit": "66508000",
            "ebitda": "86408000",
            "netIncome": "48353000"
        },
        {
            "fiscalDateEnding": "2022-07-31",
            "reportedCurrency": "USD",
            "grossProfit": "825847000",
            "totalRevenue": "1099458000",
            "costOfRevenue": "824751000",
            "costofGoodsAndServicesSold": "273611000",
            "operatingIncome": "121743000",
            "sellingGeneralAndAdministrative": "531540000",
            "researchAndDevelopment": "172564000",
            "operatingExpenses": "704104000",
            "investmentIncomeNet": "None",
            "netInterestIncome": "None",
            "interestIncome": "34712000",
            "interestExpense": "66056000",
            "nonInterestIncome": "1099458000",
            "otherNonOperatingIncome": "-34712000",
            "depreciation": "None",
            "depreciationAndAmortization": "19600000",
            "incomeBeforeTax": "90399000",
            "incomeTaxExpense": "44649000",
            "interestAndDebtExpense": "None",
            "netIncomeFromContinuingOperations": "45799000",
            "comprehensiveIncomeNetOfTax": "42826000",
            "ebit": "121743000",
            "ebitda": "141343000",
            "netIncome": "45750000"
        },
        {
            "fiscalDateEnding": "2022-04-30",
            "reportedCurrency": "USD",
            "grossProfit": "811979000",
            "totalRevenue": "1073800000",
            "costOfRevenue": "757544000",
            "costofGoodsAndServicesSold": "261821000",
            "operatingIncome": "187065000",
            "sellingGeneralAndAdministrative": "480623000",
            "researchAndDevelopment": "144291000",
            "operatingExpenses": "624914000",
            "investmentIncomeNet": "None",
            "netInterestIncome": "None",
            "interestIncome": "36404000",
            "interestExpense": "79797000",
            "nonInterestIncome": "1073800000",
            "otherNonOperatingIncome": "-36404000",
            "depreciation": "None",
            "depreciationAndAmortization": "15100000",
            "incomeBeforeTax": "143672000",
            "incomeTaxExpense": "30014000",
            "interestAndDebtExpense": "None",
            "netIncomeFromContinuingOperations": "113672000",
            "comprehensiveIncomeNetOfTax": "86323000",
            "ebit": "187065000",
            "ebitda": "202165000",
            "netIncome": "113658000"
        },
        {
            "fiscalDateEnding": "2022-01-31",
            "reportedCurrency": "USD",
            "grossProfit": "814029000",
            "totalRevenue": "1071376000",
            "costOfRevenue": "667861000",
            "costofGoodsAndServicesSold": "257347000",
            "operatingIncome": "251819000",
            "sellingGeneralAndAdministrative": "445214000",
            "researchAndDevelopment": "116996000",
            "operatingExpenses": "562210000",
            "investmentIncomeNet": "None",
            "netInterestIncome": "None",
            "interestIncome": "119736000",
            "interestExpense": "113285000",
            "nonInterestIncome": "1071376000",
            "otherNonOperatingIncome": "None",
            "depreciation": "None",
            "depreciationAndAmortization": "143583000",
            "incomeBeforeTax": "138534000",
            "incomeTaxExpense": "-352107000",
            "interestAndDebtExpense": "None",
            "netIncomeFromContinuingOperations": "49900000",
            "comprehensiveIncomeNetOfTax": "477867000",
            "ebit": "251819000",
            "ebitda": "395402000",
            "netIncome": "490641000"
        },
        {
            "fiscalDateEnding": "2021-10-31",
            "reportedCurrency": "USD",
            "grossProfit": "779799000",
            "totalRevenue": "1050756000",
            "costOfRevenue": "673791000",
            "costofGoodsAndServicesSold": "270957000",
            "operatingIncome": "290857000",
            "sellingGeneralAndAdministrative": "390434000",
            "researchAndDevelopment": "98508000",
            "operatingExpenses": "488942000",
            "investmentIncomeNet": "None",
            "netInterestIncome": "-2995000",
            "interestIncome": "117821000",
            "interestExpense": "2995000",
            "nonInterestIncome": "1050756000",
            "otherNonOperatingIncome": "122421000",
            "depreciation": "None",
            "depreciationAndAmortization": "12400000",
            "incomeBeforeTax": "410283000",
            "incomeTaxExpense": "69900000",
            "interestAndDebtExpense": "None",
            "netIncomeFromContinuingOperations": "340383000",
            "comprehensiveIncomeNetOfTax": "335108000",
            "ebit": "290857000",
            "ebitda": "303257000",
            "netIncome": "340383000"
        },
        {
            "fiscalDateEnding": "2021-07-31",
            "reportedCurrency": "USD",
            "grossProfit": "760239000",
            "totalRevenue": "1021495000",
            "costOfRevenue": "656381000",
            "costofGoodsAndServicesSold": "261256000",
            "operatingIncome": "294603000",
            "sellingGeneralAndAdministrative": "383325000",
            "researchAndDevelopment": "82311000",
            "operatingExpenses": "465636000",
            "investmentIncomeNet": "None",
            "netInterestIncome": "-2795000",
            "interestIncome": "26476000",
            "interestExpense": "2795000",
            "nonInterestIncome": "1021495000",
            "otherNonOperatingIncome": "None",
            "depreciation": "None",
            "depreciationAndAmortization": "11800000",
            "incomeBeforeTax": "323884000",
            "incomeTaxExpense": "6800000",
            "interestAndDebtExpense": "None",
            "netIncomeFromContinuingOperations": "317084000",
            "comprehensiveIncomeNetOfTax": "317031000",
            "ebit": "294603000",
            "ebitda": "306403000",
            "netIncome": "317084000"
        },
        {
            "fiscalDateEnding": "2021-04-30",
            "reportedCurrency": "USD",
            "grossProfit": "691243000",
            "totalRevenue": "956237000",
            "costOfRevenue": "675250000",
            "costofGoodsAndServicesSold": "264994000",
            "operatingIncome": "226312000",
            "sellingGeneralAndAdministrative": "399756000",
            "researchAndDevelopment": "65175000",
            "operatingExpenses": "464931000",
            "investmentIncomeNet": "None",
            "netInterestIncome": "2619000",
            "interestIncome": "2619000",
            "interestExpense": "2619000",
            "nonInterestIncome": "956237000",
            "otherNonOperatingIncome": "None",
            "depreciation": "None",
            "depreciationAndAmortization": "10500000",
            "incomeBeforeTax": "228931000",
            "incomeTaxExpense": "1400000",
            "interestAndDebtExpense": "None",
            "netIncomeFromContinuingOperations": "227531000",
            "comprehensiveIncomeNetOfTax": "226892000",
            "ebit": "226312000",
            "ebitda": "236812000",
            "netIncome": "227531000"
        },
        {
            "fiscalDateEnding": "2021-01-31",
            "reportedCurrency": "USD",
            "grossProfit": "615201000",
            "totalRevenue": "882485000",
            "costOfRevenue": "554893000",
            "costofGoodsAndServicesSold": "267284000",
            "operatingIncome": "256117000",
            "sellingGeneralAndAdministrative": "306709000",
            "researchAndDevelopment": "52375000",
            "operatingExpenses": "359084000",
            "investmentIncomeNet": "None",
            "netInterestIncome": "8536000",
            "interestIncome": "8536000",
            "interestExpense": "None",
            "nonInterestIncome": "882485000",
            "otherNonOperatingIncome": "None",
            "depreciation": "None",
            "depreciationAndAmortization": "86206000",
            "incomeBeforeTax": "264653000",
            "incomeTaxExpense": "4043000",
            "interestAndDebtExpense": "None",
            "netIncomeFromContinuingOperations": "256117000",
            "comprehensiveIncomeNetOfTax": "260132000",
            "ebit": "256117000",
            "ebitda": "342323000",
            "netIncome": "260610000"
        },
        {
            "fiscalDateEnding": "2020-10-31",
            "reportedCurrency": "USD",
            "grossProfit": "518469000",
            "totalRevenue": "777196000",
            "costOfRevenue": "549772000",
            "costofGoodsAndServicesSold": "258727000",
            "operatingIncome": "192242000",
            "sellingGeneralAndAdministrative": "283645000",
            "researchAndDevelopment": "42582000",
            "operatingExpenses": "326227000",
            "investmentIncomeNet": "None",
            "netInterestIncome": "1779000",
            "interestIncome": "1779000",
            "interestExpense": "None",
            "nonInterestIncome": "777196000",
            "otherNonOperatingIncome": "None",
            "depreciation": "None",
            "depreciationAndAmortization": "7400000",
            "incomeBeforeTax": "194021000",
            "incomeTaxExpense": "-4621000",
            "interestAndDebtExpense": "None",
            "netIncomeFromContinuingOperations": "198642000",
            "comprehensiveIncomeNetOfTax": "197187000",
            "ebit": "192242000",
            "ebitda": "199642000",
            "netIncome": "198642000"
        },
        {
            "fiscalDateEnding": "2020-07-31",
            "reportedCurrency": "USD",
            "grossProfit": "471249000",
            "totalRevenue": "663520000",
            "costOfRevenue": "439082000",
            "costofGoodsAndServicesSold": "192271000",
            "operatingIncome": "188104000",
            "sellingGeneralAndAdministrative": "240411000",
            "researchAndDevelopment": "42734000",
            "operatingExpenses": "283145000",
            "investmentIncomeNet": "None",
            "netInterestIncome": "2081000",
            "interestIncome": "2081000",
            "interestExpense": "None",
            "nonInterestIncome": "663520000",
            "otherNonOperatingIncome": "None",
            "depreciation": "None",
            "depreciationAndAmortization": "6400000",
            "incomeBeforeTax": "190185000",
            "incomeTaxExpense": "4196000",
            "interestAndDebtExpense": "None",
            "netIncomeFromContinuingOperations": "185985000",
            "comprehensiveIncomeNetOfTax": "186874000",
            "ebit": "188104000",
            "ebitda": "194504000",
            "netIncome": "185989000"
        },
        {
            "fiscalDateEnding": "2020-04-30",
            "reportedCurrency": "USD",
            "grossProfit": "224460000",
            "totalRevenue": "328167000",
            "costOfRevenue": "283693000",
            "costofGoodsAndServicesSold": "103707000",
            "operatingIncome": "23385000",
            "sellingGeneralAndAdministrative": "174686000",
            "researchAndDevelopment": "26389000",
            "operatingExpenses": "201075000",
            "investmentIncomeNet": "None",
            "netInterestIncome": "5790000",
            "interestIncome": "5790000",
            "interestExpense": "None",
            "nonInterestIncome": "328167000",
            "otherNonOperatingIncome": "None",
            "depreciation": "None",
            "depreciationAndAmortization": "5300000",
            "incomeBeforeTax": "29175000",
            "incomeTaxExpense": "2100000",
            "interestAndDebtExpense": "None",
            "netIncomeFromContinuingOperations": "27075000",
            "comprehensiveIncomeNetOfTax": "28153000",
            "ebit": "23385000",
            "ebitda": "28685000",
            "netIncome": "27075000"
        },
        {
            "fiscalDateEnding": "2020-01-31",
            "reportedCurrency": "USD",
            "grossProfit": "155704000",
            "totalRevenue": "188251000",
            "costOfRevenue": "145429000",
            "costofGoodsAndServicesSold": "32547000",
            "operatingIncome": "10553000",
            "sellingGeneralAndAdministrative": "124482000",
            "researchAndDevelopment": "20669000",
            "operatingExpenses": "145151000",
            "investmentIncomeNet": "None",
            "netInterestIncome": "6913000",
            "interestIncome": "6913000",
            "interestExpense": "None",
            "nonInterestIncome": "188251000",
            "otherNonOperatingIncome": "None",
            "depreciation": "None",
            "depreciationAndAmortization": "4860000",
            "incomeBeforeTax": "14496000",
            "incomeTaxExpense": "-843000",
            "interestAndDebtExpense": "None",
            "netIncomeFromContinuingOperations": "10553000",
            "comprehensiveIncomeNetOfTax": "15497000",
            "ebit": "10553000",
            "ebitda": "15413000",
            "netIncome": "15339000"
        },
        {
            "fiscalDateEnding": "2019-10-31",
            "reportedCurrency": "USD",
            "grossProfit": "135748000",
            "totalRevenue": "166593000",
            "costOfRevenue": "155099000",
            "costofGoodsAndServicesSold": "30845000",
            "operatingIncome": "-1679000",
            "sellingGeneralAndAdministrative": "119854000",
            "researchAndDevelopment": "17573000",
            "operatingExpenses": "137427000",
            "investmentIncomeNet": "None",
            "netInterestIncome": "3231000",
            "interestIncome": "3231000",
            "interestExpense": "None",
            "nonInterestIncome": "166593000",
            "otherNonOperatingIncome": "978000",
            "depreciation": "None",
            "depreciationAndAmortization": "4400000",
            "incomeBeforeTax": "2530000",
            "incomeTaxExpense": "319000",
            "interestAndDebtExpense": "None",
            "netIncomeFromContinuingOperations": "2230000",
            "comprehensiveIncomeNetOfTax": "2930000",
            "ebit": "-1679000",
            "ebitda": "2721000",
            "netIncome": "2211000"
        },
        {
            "fiscalDateEnding": "2019-07-31",
            "reportedCurrency": "USD",
            "grossProfit": "117926000",
            "totalRevenue": "145826000",
            "costOfRevenue": "132307000",
            "costofGoodsAndServicesSold": "27900000",
            "operatingIncome": "2265000",
            "sellingGeneralAndAdministrative": "100607000",
            "researchAndDevelopment": "15054000",
            "operatingExpenses": "115661000",
            "investmentIncomeNet": "None",
            "netInterestIncome": "2864000",
            "interestIncome": "2864000",
            "interestExpense": "None",
            "nonInterestIncome": "145826000",
            "otherNonOperatingIncome": "1628000",
            "depreciation": "None",
            "depreciationAndAmortization": "3800000",
            "incomeBeforeTax": "6741000",
            "incomeTaxExpense": "1200000",
            "interestAndDebtExpense": "None",
            "netIncomeFromContinuingOperations": "5557000",
            "comprehensiveIncomeNetOfTax": "5465000",
            "ebit": "2265000",
            "ebitda": "6065000",
            "netIncome": "5541000"
        },
        {
            "fiscalDateEnding": "2019-04-30",
            "reportedCurrency": "USD",
            "grossProfit": "97884000",
            "totalRevenue": "121988000",
            "costOfRevenue": "109948000",
            "costofGoodsAndServicesSold": "24104000",
            "operatingIncome": "1557000",
            "sellingGeneralAndAdministrative": "82544000",
            "researchAndDevelopment": "13783000",
            "operatingExpenses": "96327000",
            "investmentIncomeNet": "None",
            "netInterestIncome": "658000",
            "interestIncome": "658000",
            "interestExpense": "100000",
            "nonInterestIncome": "121988000",
            "otherNonOperatingIncome": "315000",
            "depreciation": "None",
            "depreciationAndAmortization": "3300000",
            "incomeBeforeTax": "2530000",
            "incomeTaxExpense": "316000",
            "interestAndDebtExpense": "None",
            "netIncomeFromContinuingOperations": "2214000",
            "comprehensiveIncomeNetOfTax": "2357000",
            "ebit": "1557000",
            "ebitda": "4857000",
            "netIncome": "2214000"
        },
        {
            "fiscalDateEnding": "2019-01-31",
            "reportedCurrency": "USD",
            "grossProfit": "86275000",
            "totalRevenue": "105800000",
            "costOfRevenue": "19525000",
            "costofGoodsAndServicesSold": "19525000",
            "operatingIncome": "5492000",
            "sellingGeneralAndAdministrative": "14923000",
            "researchAndDevelopment": "10808000",
            "operatingExpenses": "80783000",
            "investmentIncomeNet": "None",
            "netInterestIncome": "None",
            "interestIncome": "None",
            "interestExpense": "None",
            "nonInterestIncome": "None",
            "otherNonOperatingIncome": "None",
            "depreciation": "None",
            "depreciationAndAmortization": "2549000",
            "incomeBeforeTax": "6084000",
            "incomeTaxExpense": "387000",
            "interestAndDebtExpense": "None",
            "netIncomeFromContinuingOperations": "5697000",
            "comprehensiveIncomeNetOfTax": "5951000",
            "ebit": "5492000",
            "ebitda": "8041000",
            "netIncome": "5697000"
        },
        {
            "fiscalDateEnding": "2018-10-31",
            "reportedCurrency": "USD",
            "grossProfit": "73278000",
            "totalRevenue": "90121000",
            "costOfRevenue": "16843000",
            "costofGoodsAndServicesSold": "16843000",
            "operatingIncome": "-1063000",
            "sellingGeneralAndAdministrative": "11994000",
            "researchAndDevelopment": "8893000",
            "operatingExpenses": "74341000",
            "investmentIncomeNet": "None",
            "netInterestIncome": "None",
            "interestIncome": "None",
            "interestExpense": "100000",
            "nonInterestIncome": "None",
            "otherNonOperatingIncome": "None",
            "depreciation": "None",
            "depreciationAndAmortization": "1841000",
            "incomeBeforeTax": "-498000",
            "incomeTaxExpense": "100000",
            "interestAndDebtExpense": "None",
            "netIncomeFromContinuingOperations": "-598000",
            "comprehensiveIncomeNetOfTax": "-513000",
            "ebit": "-1063000",
            "ebitda": "778000",
            "netIncome": "-598000"
        },
        {
            "fiscalDateEnding": "2018-07-31",
            "reportedCurrency": "USD",
            "grossProfit": "61553000",
            "totalRevenue": "74526000",
            "costOfRevenue": "12973000",
            "costofGoodsAndServicesSold": "12973000",
            "operatingIncome": "3422000",
            "sellingGeneralAndAdministrative": "10028000",
            "researchAndDevelopment": "7049000",
            "operatingExpenses": "58131000",
            "investmentIncomeNet": "None",
            "netInterestIncome": "None",
            "interestIncome": "None",
            "interestExpense": "100000",
            "nonInterestIncome": "None",
            "otherNonOperatingIncome": "81000",
            "depreciation": "None",
            "depreciationAndAmortization": "1500000",
            "incomeBeforeTax": "3925000",
            "incomeTaxExpense": "100000",
            "interestAndDebtExpense": "None",
            "netIncomeFromContinuingOperations": "3825000",
            "comprehensiveIncomeNetOfTax": "3964000",
            "ebit": "3422000",
            "ebitda": "4873000",
            "netIncome": "3825000"
        },
        {
            "fiscalDateEnding": "2018-04-30",
            "reportedCurrency": "USD",
            "grossProfit": "48410000",
            "totalRevenue": "60070000",
            "costOfRevenue": "11660000",
            "costofGoodsAndServicesSold": "11660000",
            "operatingIncome": "-1684000",
            "sellingGeneralAndAdministrative": "7569000",
            "researchAndDevelopment": "6264000",
            "operatingExpenses": "50094000",
            "investmentIncomeNet": "None",
            "netInterestIncome": "None",
            "interestIncome": "None",
            "interestExpense": "100000",
            "nonInterestIncome": "None",
            "otherNonOperatingIncome": "5000",
            "depreciation": "None",
            "depreciationAndAmortization": "1200000",
            "incomeBeforeTax": "-1243000",
            "incomeTaxExpense": "97000",
            "interestAndDebtExpense": "None",
            "netIncomeFromContinuingOperations": "-1340000",
            "comprehensiveIncomeNetOfTax": "-1422000",
            "ebit": "-1684000",
            "ebitda": "-517000",
            "netIncome": "-1340000"
        }
    ]
}